// Amit Patel. (2022, October 15). AI techniques. Amit’s Thoughts on Pathfinding. https://theory.stanford.edu/~amitp/GameProgramming/AITechniques.html 
@misc{patel2022,
    author = {Patel, A.},
    year = {2022},
    title = {AI techniques},
    howpublished = {Amit’s Thoughts on Pathfinding},
    url = {https://theory.stanford.edu/~amitp/GameProgramming/AITechniques.html}
}

// Deschamps-Berger, C., Gascoin, S., Berthier, E., Deems, J., Gutmann, E., Dehecq, A., Shean, D., & Dumont, M. (2020). Snow depth mapping from stereo satellite imagery in mountainous terrain: Evaluation using airborne laser-scanning data. The Cryosphere, 14(9), 2925–2940. https://doi.org/10.5194/tc-14-2925-2020 
@article{deschamps-berger2020,
    author = {Deschamps-Berger, C. and Gascoin, S. and Berthier, E. and Deems, J. and Gutmann, E. and Dehecq, A. and Shean, D. and Dumont, M.},
    year = {2020},
    title = {Snow depth mapping from stereo satellite imagery in mountainous terrain: Evaluation using airborne laser-scanning data},
    journal = {The Cryosphere},
    volume = {14},
    number = {9},
    pages = {2925--2940},
    doi = {10.5194/tc-14-2925-2020}
}

// Kervyn, M., Kervyn, F., Goossens, R., Rowland, S. K., & Ernst, G. G. J. (2007). Mapping volcanic terrain using high-resolution and 3D satellite remote sensing. Geological Society, London, Special Publications, 283(1), 5–30. https://doi.org/10.1144/SP283.2 
@article{kervyn2007,
    author = {Kervyn, M. and Kervyn, F. and Goossens, R. and Rowland, S. K. and Ernst, G. G. J.},
    year = {2007},
    title = {Mapping volcanic terrain using high-resolution and 3D satellite remote sensing},
    journal = {Geological Society, London, Special Publications},
    volume = {283},
    number = {1},
    pages = {5--30},
    doi = {10.1144/SP283.2}
}

// Li, R. (1988). Potential of High-Resolution Satellite Imagery for National Mapping Products. Photogrammetric Engineering & Remote Sensin, 64, 6. 
@article{li1988,
    author = {Li, R.},
    year = {1988},
    title = {Potential of High-Resolution Satellite Imagery for National Mapping Products},
    journal = {Photogrammetric Engineering \& Remote Sensing},
    volume = {64},
    number = {6}
}

// Roy, N., Chatterjee, R., Mukherjee, A., & Bhuiya, A. (2017). Implementation of Image Processing and Reinforcement Learning in Path Planning of Mobile Robots. International Journal of Engineering Science and Computing, 7, 15211–15213. 
@article{roy2017,
    author = {Roy, N. and Chatterjee, R. and Mukherjee, A. and Bhuiya, A.},
    year = {2017},
    title = {Implementation of Image Processing and Reinforcement Learning in Path Planning of Mobile Robots},
    journal = {International Journal of Engineering Science and Computing},
    volume = {7},
    pages = {15211--15213}
}

// X. Sun, W. Yeoh, & S. Koenig. (2010). Moving Target D* Lite. Proc. of 9th Int. Conf. on Autonomous Agents and Multiagent Sys- Tems (AAMAS 2010). http://idm-lab.org/bib/abstracts/papers/aamas10a.pdf 
@misc{sun2010,
    author = {Sun, X. and Yeoh, W. and Koenig, S.},
    year = {2010},
    title = {Moving Target D* Lite},
    howpublished = {Proc. of 9th Int. Conf. on Autonomous Agents and Multiagent Sys- Tems (AAMAS 2010)},
    url = {http://idm-lab.org/bib/abstracts/papers/aamas10a.pdf}
}